@book{hennessy2017computer,
  title={Computer Architecture: A Quantitative Approach (6th Edition)},
  author={Hennessy, John L and Patterson, David A},
  year={2017},
  publisher={Elsevier}
}

@article{hsu2022sparse,
  title={The Sparse Abstract Machine},
  author={Hsu, Olivia and Strange, Maxwell and Won, Jaeyeon and Sharma, Ritvik and Olukotun, Kunle and Emer, Joel and Horowitz, Mark and Kjolstad, Fredrik},
  journal={arXiv preprint arXiv:2208.14610},
  year={2022}
}